@article{1,
  author =       "Insu Song and John Vong and Nguwi Yok Yen and Peter Yellowlees and Joachim Diederich",
  title =        "Profiling Bell’s Palsy based on House-Brackmann Score",
  journal =      "Academia",
  year =         "2013",
  url       = "https://www.academia.edu/15356363/Profiling_Bell_s_Palsy_based_on_House-Brackmann_Score?auto=download"
}

@article{2,
  author =       "Chengjun Liu and Harry Wechsler",
  title =        "Gabor Feature Based Classification Using the Enhanced Fisher Linear Discriminant Model for Face Recognition",
  journal =      "Citeseerx",
  year =         "2002",
  url       = "http://citeseerx.ist.psu.edu/viewdoc/download?doi=10.1.1.1.7675&rep=rep1&type=pdf&embedded=true"
}
 
@article{3,
  author =       "S. Marĉelja",
  title =        "Mathematical description of the responses of simple cortical cells",
  pages = "80",
  journal =      "Journal of the Optical Society of America",
  year =         "1980",
  url       = "https://www.osapublishing.org/josa/abstract.cfm?uri=josa-70-11-1297"
}

@article{4,
  author =       "Baochang Zhang",
  title =        "Gabor-Kernel Fisher Analysis for Face Recognition",
  year =         "2004",
  url       = "http://link.springer.com/chapter/10.1007%2F978-3-540-30542-2_99"
}

@article{5,
	author	= "Nicholas Farber and JD and Douglas Shinkle and Jana Lynott and Wendy Fox-Grage and Rodney Harrell",
  title =        "Aging in Place: A State Survey of Livability Policies and Practices",
  pages = "31"
  year =         "2011",
  url       = "https://assets.aarp.org/rgcenter/ppi/liv-com/aging-in-place-2011-full.pdf"
}

@article{6,
  title =        "AARP Public Policy Institute Fact Sheet",
  year =         "2015",
} 

@article{7,
	title=		" Cms.gov, 'Home Health Quality Initiative', 2015.",
	url	=		"https://www.cms.gov/Medicare/Quality-Initiatives-Patient-Assessment-Instruments/HomeHealthQualityInits/index.html?redirect=/HomeHealthQualityInits"
}

@article{8,
	title=	"Medicare and Home Health Care, 1st ed.",
	author="Centers for Medicare \& Medicaid Services",
	year="2016"
}

@article{9,
	title="Costs of Care - Long-Term Care Information",
	year="2015",
	url="http://longtermcare.gov/costs-how-to-pay/costs-of-care/"
}

@article{10,
	url=" http://www.cdc.gov/stroke/facts.htm",
	title="Stroke Facts | cdc.gov",
	author="CDC",
	year="2015"
}

@article{11,
	title="Patient Safety and Quality in Home Health Care",
	year="2008",
	author="Agency for Healthcare Research and Quality"
}
